% Encoding: UTF-8

@Article{bio2004,
  author    = {M.D. Abramoff and P.J. Magalhães and S.J. Ram},
  title     = {Image Processing with ImageJ},
  journal   = {Biophotonics Intenational},
  year      = {2004},
  pages     = {36-42},
  language  = {english},
  groups    = {methode},
  owner     = {richard},
  timestamp = {2017.04.08},
}

@Book{burghardtmachine,
  title     = {Machine tool operation},
  publisher = {McGraw-Hill},
  author    = {Burghardt, H.D. and Axelrod, A.},
  number    = {Teil 2},
  series    = {Machine Tool Operation},
  language  = {english},
  lccn      = {41014263},
  owner     = {richard},
  timestamp = {2017.04.23},
  url       = {https://books.google.com.ua/books?id=2YlIAAAAMAAJ},
}

@Manual{abyteofpython,
  title     = {A Byte of Python},
  author    = {C. H. Swaroop},
  year      = {2013},
  groups    = {methode},
  language  = {english},
  owner     = {richard},
  timestamp = {2017.04.08},
}

@Article{bilous2012,
  author    = {О.В. Білоус and В.М. Голубець and Б.О. Магура and О.Б. Гасій},
  title     = {Впровадження сучасних технологій зміцнення інструментальних сталей для обробки деревних матеріалів},
  journal   = {Науковий вісник НЛТУ України},
  year      = {2012},
  number    = {22.6},
  pages     = {86-91},
  language  = {ukrainian},
  file      = {:bilous2012.pdf:PDF},
  groups    = {literature},
  owner     = {richard},
  timestamp = {2017.04.22},
}

@Article{verkhoturov2015,
  author    = {А. Д. Верхотуров and А. В. Козырь and Л. А. Коневцов},
  title     = {Исследование процесса формирования поверхностного слоя титанового сплава при электроискровом легировании с учётом критерия теплового воздействия},
  journal   = {Учёные записки Комсомольского-на-Амуре государственного технического университета},
  year      = {2015},
  number    = {I-1(21)},
  language  = {russian},
  file      = {:verhoturov2015.pdf:PDF},
  groups    = {literature},
  owner     = {richard},
  timestamp = {2017.04.22},
}

@Article{verkhoturov2007,
  author    = {А. Д. Верхотуров and И. А. Подчерняева and Л. А. Коневцов},
  title     = {Электроискровое легирование металлами и керамикой на основе $ZrB_2$ вольфрамсодержащих твердых сплавов для повышения их работоспособности},
  journal   = {Электронная обработка материалов},
  year      = {2007},
  number    = {6},
  pages     = {10-19},
  language  = {russian},
  file      = {:verhoturov2007.pdf:PDF},
  groups    = {literature},
  owner     = {richard},
  timestamp = {2017.04.22},
}

@Article{verkhoturov1983,
  author        = {Верхотуров, А. Д.},
  title         = {Обобщенная модель процесса электроискрового легирования},
  journal       = {Электрофизические и электрохимические методы обработки},
  year          = {1983},
  number        = {1},
  pages         = {3-6},
  language      = {russian},
  __markedentry = {[richard:1]},
  groups        = {literature},
  owner         = {richard},
  timestamp     = {2017.04.22},
}

@Book{verkhoturov1988,
  title         = {Электродные материалы для электроискрового легирования},
  publisher     = {Изд-во Наука},
  year          = {1988},
  author        = {Верхотуров, А. Д. and Подчерняева, И. А. and Прядко, Л. Ф.},
  editor        = {Егоров, Ф. Ф.},
  address       = {Москва},
  pages         = {224},
  language      = {russian},
  __markedentry = {[richard:1]},
  groups        = {literature},
  owner         = {richard},
  timestamp     = {2017.04.22},
}

@Unpublished{verkhoturova,
  author        = {И. В. Верхотурова and Д. А. Салыкина and Н. А. Волкова},
  title         = {Исследование свойств двухслойных электроискровых покрытий на основе сплавов и графита},
  note          = {Режим доступу: \href{http://old.amursu.ru/attachments/article/9526/N59\_9.pdf}{old.amursu.ru/attachments/article/9526/N59\_9.pdf}. --- Дата доступу: .22.04.2017.},
  year          = {2013},
  language      = {russian},
  __markedentry = {[richard:1]},
  file          = {:verhoturova.pdf:PDF},
  groups        = {literature},
  owner         = {richard},
  timestamp     = {2017.04.22},
}

@Book{hitlevich1985,
  title         = {Электроискровое легирование металлических поверхностей},
  publisher     = {Штиинца},
  year          = {1985},
  author        = {А.Е. Гитлевич and В.В. Михайлов and Н.Я. Парканский and В.М. Ревуцкий},
  editor        = {Ю.Н. Петров},
  address       = {Кишенев},
  pages         = {196},
  language      = {russian},
  __markedentry = {[richard:1]},
  file          = {:hitlevich1985.pdf:PDF},
  groups        = {literature},
  owner         = {richard},
  timestamp     = {2016.05.28},
}

@Article{glushkova2010,
  author    = {Глушкова, Д. Б. and Тарабанова, В. П. and Толмачева, Г. Н. and Рыжков, Ю. В.},
  title     = {Порівняння зносостійкості та нанотвердості сталей після поверхневого зміцнення різними способами},
  journal   = {Вестник ХНАДУ},
  year      = {2010},
  number    = {51},
  pages     = {40-44},
  language  = {russian},
  file      = {:glushkova2010.pdf:PDF},
  groups    = {literature},
  owner     = {richard},
  timestamp = {2017.04.22},
}

@Phdthesis{gnesin2015,
  author    = {Б. А. Гнесин},
  title     = {Материаловедческие основы создания перспективных высокотемпературных сплавов молибдена, вольфрама и композитов, содержащих их силициды},
  school    = {Институт физики твердого тела РАН},
  year      = {2015},
  address   = {Черноголовка},
  language  = {russian},
  file      = {:gnesin2015.pdf:PDF},
  groups    = {literature},
  owner     = {richard},
  timestamp = {2017.04.22},
}

@Article{grigorieva2009,
  author    = {А.И. Григорьева and М.Ю. Колодин},
  title     = {Свободное программное обеспечение в науке и образовании --- проблемы, решения и перспективы использования},
  journal   = {Труды СПИИРАН},
  year      = {2009},
  number    = {8},
  pages     = {78-92},
  language  = {russian},
  file      = {:grigorieva2009.pdf:PDF},
  groups    = {literature},
  owner     = {richard},
  timestamp = {2017.04.07},
}

@Article{danilchenko2008,
  author    = {В. Ю. Данільченко and О. М. Семирга},
  title     = {Фазовий склад твердосплавного електроіскрового покриття на підкладці з вуглецевої сталі},
  journal   = {Сверхтвердые материалы},
  year      = {2008},
  number    = {3},
  pages     = {62-66},
  language  = {ukrainian},
  file      = {:danilchenko2008.pdf:PDF},
  groups    = {literature},
  owner     = {richard},
  timestamp = {2017.04.22},
}

@Article{zakora2015,
  author    = {Закора, В. В. and Лисняк, А. Г.},
  title     = {Влияние последующей цементации на структуру и свойства электроискрового покрытия},
  journal   = {Научный вестник ДГМА},
  year      = {2015},
  number    = {3(18E)},
  pages     = {111-116},
  language  = {russian},
  file      = {:zakora2015.pdf:PDF},
  groups    = {literature},
  owner     = {richard},
  timestamp = {2017.04.22},
}

@Article{kadenacy1989,
  author        = {Каденаций, Л. А. and Лисовская, Н. Б. and Селиверстов, С. Ф.},
  title         = {Упрочнение деталей оборудования для легкой промышленности электроискровым Легированием},
  journal       = {Технология и организация производства},
  year          = {1989},
  number        = {2},
  language      = {russian},
  __markedentry = {[richard:1]},
  groups        = {literature},
  owner         = {richard},
  timestamp     = {2017.04.23},
}

@Unpublished{kazanceva,
  author    = {А.Е. Казанцева and А.А. Новиков},
  title     = {Повышение поверхностного упрочнения низкоуглеродистых сталей методом Электроискрового легирования},
  language  = {russian},
  file      = {:kazanceva.pdf:PDF},
  groups    = {literature},
  owner     = {richard},
  timestamp = {2017.04.22},
}

@Article{klus2005,
  author    = {О. Клюс},
  title     = {Использование электроискрового легирования для поверхностного упрочнения деталей машин},
  journal   = {Zeszyty naukowe},
  year      = {2005},
  number    = {5(77)},
  pages     = {313-318},
  language  = {russian},
  file      = {:klus2005.pdf:PDF},
  groups    = {literature},
  owner     = {richard},
  timestamp = {2017.04.22},
}

@TechReport{elitron1988,
  author      = {А.И. Корниенко},
  title       = {Установка ЭЛИТРОН-22А. Паспорт. АИИЗ.299.282 ПС},
  institution = {Академия Наук МССР},
  year        = {1988},
  file        = {:elitron1988.djvu:Djvu},
  groups      = {methode},
  language    = {russian},
  owner       = {richard},
  timestamp   = {2017.04.22},
}

@Unpublished{kocur,
  author    = {А.С. Коцур and Б.Ш. Алимбаева},
  title     = {Электроискровое легирование деталей военной автомобильной техники},
  note      = {Омский филиал Военной академии материально-технического обеспечения, Омск},
  language  = {russian},
  file      = {:kocur.pdf:PDF},
  groups    = {literature},
  owner     = {richard},
  timestamp = {2017.04.22},
}

@Unpublished{kupcov2015,
  author    = {Купцов, С. Г. and Фоминых, М. В. and Мухинов, Д. В. and Магомедова, Р. С. and Плещёв, В. П. and Дубровская, Е. А.},
  title     = {Модификация поверхности инструментальных сталей электроискровым способом},
  note      = {Уральский федеральный университет, г. Екатеринбург},
  year      = {2015},
  language  = {russian},
  file      = {:kupcov2015.pdf:PDF},
  groups    = {literature},
  owner     = {richard},
  timestamp = {2017.04.22},
}

@Article{lazarenko1965,
  author        = {Лазаренко, Н. И.},
  title         = {О механизме образования покрытие при электроискровом легировании металлических поверхностей},
  journal       = {Электронная обработка материалов},
  year          = {1965},
  number        = {1},
  language      = {russian},
  __markedentry = {[richard:1]},
  groups        = {literature},
  owner         = {richard},
  timestamp     = {2017.04.22},
}

@Article{luzan2012,
  author    = {C. А. Лузан and О. М. Горбачевская},
  title     = {Определение зависимости массопереноса анода при электроискровом легировании стальной поверхности от времени обработки},
  journal   = {Вісник НТУ «ХПІ»},
  year      = {2012},
  number    = {60(966)},
  pages     = {53-58},
  language  = {russian},
  file      = {:luzan2012.pdf:PDF},
  groups    = {literature},
  owner     = {richard},
  timestamp = {2017.04.22},
}

@Article{luneva2005,
  author    = {В. П. Лунева and А. Д. Верхотуров and А. В. Козырь and Т. В. Глабец and В. Н. Бруй},
  title     = {Использование хромоникелевых сплавов для создания электроискровых покрытий},
  journal   = {Электронная обработка материалов},
  year      = {2005},
  number    = {4},
  pages     = {11-18},
  language  = {russian},
  file      = {:luneva2005.pdf:PDF},
  groups    = {literature},
  owner     = {richard},
  timestamp = {2017.04.22},
}

@Conference{mazuryk2015,
  author    = {Мазурик, А. О. and Мелашенко, К. В. and Лобачова, Г. Г.},
  title     = {Електроіскрове легування сталі ст.3 нікелем, вольфрамом та вуглецем},
  booktitle = {Матеріали IV Міжнародної науково-технічної конференції молодих учених та студентів. Актуальні задачі сучасних технологій},
  year      = {2015},
  pages     = {62},
  address   = {Тернопіль},
  language  = {ukrainian},
  file      = {:mazuryk2015.pdf:PDF},
  groups    = {literature},
  owner     = {richard},
  timestamp = {2017.04.22},
}

@Unpublished{makarenko2011,
  author    = {А. С. Макаренко and А. Н. Евдокимова and В. Д. Евдокимов},
  title     = {Влияние электроискровых легированных покрытий на отрицательный эффект реверса},
  year      = {2011},
  language  = {russian},
  file      = {:makarenko2011.pdf:PDF},
  groups    = {literature},
  owner     = {richard},
  timestamp = {2017.04.22},
}

@Manual{melnichenko2006,
  Title                    = {Статистична обробка експериментальних даних},
  Language                 = {ukrainian},

  Address                  = {Біла Церква},
  Author                   = {О.П. Мельниченко and І.Л. Якименко and Р.Л. Шевченко},
  Year                     = {2006},

  File                     = {:melnichenko2006.pdf:PDF},
  Owner                    = {richard},
  Timestamp                = {2017.04.08}
}

@Article{michailov2013,
  author    = {В. В. Михайлов and А. Е. Гитлевич and А. Д. Верхотуров and А. И. Михайлюк and А. В. Беляков and Л. А. Коневцов},
  title     = {Электроискровое легирование титана и его сплавов, физико-технологические аспекты и возможность практического использования. Краткий обзор. Часть I. Особенности массопереноса, структурные и фазовые превращения в поверхностных слоях, их износо- и жаростойкость},
  journal   = {Электронная обработка материалов},
  year      = {2013},
  number    = {49(5)},
  pages     = {21-44},
  language  = {russian},
  file      = {:michailov2013.pdf:PDF},
  groups    = {literature},
  owner     = {richard},
  timestamp = {2017.04.22},
}

@Article{miczkevich1977,
  author        = {Мицкевич, М. К. and Бушик, А. И. and Бакуто, И. А. and Шилов, В. А.},
  title         = {Изучение динамики процесса переноса материалов электродов в сильноточном импульсном разряде},
  journal       = {Электронная обработка материалов},
  year          = {1977},
  number        = {4},
  language      = {russian},
  __markedentry = {[richard:1]},
  groups        = {literature},
  owner         = {richard},
  timestamp     = {2017.04.22},
}

@Book{mulin1999,
  title         = {Электроискровое легирование рабочих поверхностей инструментов и деталей машин электродными материалами, полученными из минерального сырья},
  publisher     = {Дальнаука},
  year          = {1999},
  author        = {Ю. И. Мулин and А. Д. Верхотуров},
  address       = {Владивосток},
  pages         = {110},
  language      = {russian},
  __markedentry = {[richard:1]},
  groups        = {literature},
  owner         = {richard},
  timestamp     = {2017.04.07},
}

@Article{panashenko2010,
  author    = {В. М. Панашенко and И. А. Подчерняева and А. Д. Панасюк and Д. В. Юречко},
  title     = {Особенности электромассопереноса при электроискровом легировании в системе керамика-керамика},
  journal   = {Институт проблем материаловедения им. И. Н. Францевича НАН Украины, Киев},
  year      = {2010},
  pages     = {160-171},
  language  = {russian},
  file      = {:panashenko2010.pdf:PDF},
  groups    = {literature},
  owner     = {richard},
  timestamp = {2017.04.22},
}

@Manual{latex1998,
  title     = {\LaTeX --- Краткое руководство},
  author    = {Х. Партль and Э. Шлегл and И. Хина},
  edition   = {И.А. Моховой},
  year      = {1998},
  groups    = {methode},
  language  = {russian},
  owner     = {richard},
  timestamp = {2017.04.08},
}

@Article{paustovsky2011,
  author    = {А. В. Паустовский and Ю. Г. Ткаченко and Р. А. Алфинцева and С. Н. Кириленко and Д. З. Юрченко},
  title     = {Разработка электродных материалов для электроискрового упрочнения и восстановления изношенных поверхностей, структура и свойства покрытий},
  journal   = {Электронная обработка материалов},
  year      = {2011},
  number    = {47(2)},
  pages     = {30-36},
  language  = {russian},
  file      = {:paustovsky2011.pdf:PDF},
  groups    = {literature},
  owner     = {richard},
  timestamp = {2017.04.22},
}

@Article{podchernyaeva2012,
  author        = {Подчерняева, И. А. and Панашенко, В. М. and Духота, А. И. and Панасюк, А. Д. and Костенко, А. Д.},
  title         = {Особенности формирования и трибологического поведения многослойных износостойких $ZrB_2$-содержащих электроискровых и лазерно-электроискровых покрытий на титановом сплаве},
  journal       = {Проблеми трибології},
  year          = {2012},
  language      = {russian},
  __markedentry = {[richard:1]},
  file          = {:podchernyaeva2012.pdf:PDF},
  groups        = {literature},
  owner         = {richard},
  timestamp     = {2017.04.23},
}

@Article{sydorenko2013,
  author        = {Сидоренко, С. І. and Іващенко, Є. В. and Лобачова, Г. Г.},
  title         = {Матеріалознавство і розробка електронної техніки},
  journal       = {Науковий вісник КУЕІТУ},
  year          = {2013},
  number        = {3-4(41-42)},
  pages         = {3-7},
  language      = {ukrainian},
  __markedentry = {[richard:1]},
  file          = {:sydorenko2013.pdf:PDF},
  groups        = {literature},
  owner         = {richard},
  timestamp     = {2017.04.23},
}

@Article{syrtsova2015,
  author    = {А. О. Сырцова},
  title     = {Использование свободного программного обеспечения в системе общего образования},
  journal   = {Новые информационные технологии в автоматизированных системах},
  year      = {2015},
  pages     = {440-445},
  language  = {russian},
  file      = {:syrtsova2015.pdf:PDF},
  groups    = {literature},
  owner     = {richard},
  timestamp = {2017.04.07},
}

@Article{umansky2012,
  author    = {А. П. Уманский and М. С. Стороженко and, В. В. Акопян and И. С. Марценюк},
  title     = {Электроискровое упрочнение стали композиционными материалами системы $TiB_2-(Fe-Mo)$},
  journal   = {Авиационно-космическая техника и технология},
  year      = {2012},
  number    = {9(96)},
  pages     = {214-218},
  language  = {russian},
  file      = {:umansky2012.pdf:PDF},
  groups    = {literature},
  owner     = {richard},
  timestamp = {2017.04.22},
}

@Phdthesis{yarkov2004,
  author        = {Д. В. Ярков},
  title         = {Формирование функциональных покрытий методом ЭИЛ с применением электродных материалов из минерального сырья дальневосточного региона},
  school        = {Хабаровский научный центр, Институт материаловедения},
  year          = {2004},
  note          = {Режим доступу: \href{http://elspark.narod.ru/eil.pdf}{elspark.narod.ru/eil.pdf}. – Дата доступу: 28.05.2016.},
  language      = {russian},
  __markedentry = {[richard:1]},
  file          = {:yarkov2004.pdf:PDF},
  groups        = {literature},
  owner         = {richard},
  timestamp     = {2017.02.08},
}

@Misc{easydan2015,
  title        = {Инженерные и научные расчеты на базе языка программирования Python},
  howpublished = {Режим доступу: http://easydan.com/arts/arch/py-computations/},
  year         = {2015},
  note         = {Дата доступу: 08.04.2017},
  language     = {russian},
  groups       = {methode},
  owner        = {richard},
  timestamp    = {2017.04.07},
}

@Article{ivanov2016,
  author        = {Иванов, В. И. and Костюков, А. Ю.},
  title         = {Электроискровое нанесение покрытий},
  journal       = {Ритм машиностроения},
  year          = {2016},
  number        = {10},
  pages         = {36--41},
  note          = {Режим доступу: \href{http://ritm-magazine.ru/sites/default/files/rhythm_of_machinery_10_2016_0.pdf}{ritm-magazine.ru/sites/default/files/rhythm\_of\_machinery\_10\_2016\_0.pdf}. --- Дата доступу: 28.05.2016},
  language      = {russian},
  __markedentry = {[richard:1]},
  file          = {:ivanov2016.pdf:PDF},
  groups        = {literature},
  owner         = {richard},
  timestamp     = {2016.05.28},
}

@Article{Padgurskas2017,
  author    = {Juozas Padgurskas and Raimondas Kreivaitis and Raimundas Rukui{\v{z}}a and Valentin Mihailov and Vasile Agafii and Rita Kri{\={u}}kien{\.{e}} and Ar{\={u}}nas Baltu{\v{s}}nikas},
  title     = {Tribological properties of coatings obtained by electro-spark alloying C45 steel surfaces},
  journal   = {Surface and Coatings Technology},
  year      = {2017},
  volume    = {311},
  pages     = {90--97},
  month     = {feb},
  file      = {:padgurskas2017.pdf:PDF},
  groups    = {literature},
  publisher = {Elsevier {BV}},
}

@Article{Miller2014,
  author        = {Timothy Miller and Laurent Pirolli and Fei Deng and Chaoying Ni and Andrew V. Teplyakov},
  title         = {Structurally different interfaces between electrospark-deposited titanium carbonitride and tungsten carbide films on steel},
  journal       = {Surface and Coatings Technology},
  year          = {2014},
  volume        = {258},
  pages         = {814--821},
  month         = {nov},
  __markedentry = {[richard:1]},
  file          = {:miller2014.pdf:PDF},
  groups        = {literature},
  publisher     = {Elsevier {BV}},
}

@Inbook{predel1995_Fe-W,
  pages     = {1--4},
  title     = {Fe-W (Iron-Tungsten)},
  publisher = {Springer Berlin Heidelberg},
  year      = {1995},
  author    = {Predel, B.},
  editor    = {Madelung, O.},
  address   = {Berlin, Heidelberg},
  isbn      = {978-3-540-48786-9},
  booktitle = {Dy-Er -- Fr-Mo},
  file      = {:pd_Fe-W.pdf:PDF},
  url       = {http://dx.doi.org/10.1007/10474837_1354},
}

@Book{diag1997t1,
  title         = {Диаграммы состояния двойных металлических систем. Справочник в 3 томах.},
  publisher     = {Машиностроение},
  year          = {1997},
  editor        = {Н.П. Лякишев},
  volume        = {1},
  address       = {Москва},
  isbn          = {5-217-02688-X},
  language      = {russian},
  __markedentry = {[richard:1]},
  file          = {:diag1997t1.djvu:Djvu},
  groups        = {literature},
}

@Book{diag1997t2,
  title         = {Диаграммы состояния двойных металлических систем. Справочник в 3 томах.},
  publisher     = {Машиностроение},
  year          = {1997},
  editor        = {Н.П. Лякишев},
  volume        = {2},
  address       = {Москва},
  isbn          = {5-217-01569-1},
  language      = {russian},
  __markedentry = {[richard:1]},
  file          = {:diag1997t2.djvu:Djvu},
  groups        = {literature},
}

@Book{diag1997t3-2,
  title     = {Диаграммы состояния двойных металлических систем. Справочник в 3 томах.},
  publisher = {Машиностроение},
  year      = {1997},
  editor    = {Н.П. Лякишев},
  volume    = {3},
  number    = {2},
  address   = {Москва},
  isbn      = {5-217-02932-3},
  language  = {russian},
  file      = {:diag1997t3-2.djvu:Djvu},
  groups    = {literature},
}

@Book{eltit,
  title     = {Tungsten, Tungsten Alloys, and Tungsten Compounds},
  publisher = {Wiley-VCH Verlag GmbH \& Co. KGaA},
  year      = {2000},
  author    = {Lassner, Erik and Schubert, Wolf-Dieter and Lüderitz, Eberhard and Wolf, Hans Uwe},
  isbn      = {9783527306732},
  booktitle = {Ullmann's Encyclopedia of Industrial Chemistry},
  doi       = {10.1002/14356007.a27_229},
}

@Book{daintith2014chemistry,
  title         = {Chemistry},
  publisher     = {Infobase Publishing},
  year          = {2014},
  author        = {Daintith, John},
  __markedentry = {[richard:1]},
  groups        = {literature},
}

@Article{serebrovsky2012,
  author        = {Серебровский, В. И. and Молодкин, А. Ю. and Бедин, В. В. and Серебровская, Л. Н.},
  title         = {Повышение эксплуатационных свойств железных гальванических покрытий путем легирования вольфрамом и молибденом},
  journal       = {Вестник Курской государственной сельскохозяйственной академии},
  year          = {2012},
  number        = {9},
  pages         = {75-76},
  language      = {russian},
  __markedentry = {[richard:1]},
  file          = {:serebrovsky2012.pdf:PDF},
  groups        = {literature},
}

@Article{maillet2017,
  author        = {David Maillet and Paul Seli and Daniel L. Schacter},
  title         = {Mind-wandering and task stimuli: Stimulus-dependent thoughts influence performance on memory tasks and are more often past- versus future-oriented},
  journal       = {Consciousness and Cognition},
  year          = {2017},
  volume        = {52},
  pages         = {55--67},
  month         = {jul},
  __markedentry = {[richard:1]},
  file          = {:maillet2017.pdf:PDF},
  groups        = {methode},
  publisher     = {Elsevier {BV}},
}

@Misc{steel45,
  title         = {Центральный металлический портал РФ Сталь марки 45},
  year          = {2010},
  note          = {Режим доступу: \href{http://metallicheckiy-portal.ru/marki_metallov/stk/45}{metallicheckiy-portal.ru/marki\_metallov/stk/45}. --- Дата доступу: 28.05.2016.},
  __markedentry = {[richard:1]},
  groups        = {methode},
}

@Article{liu2007,
  author        = {Dongyan Liu and Wei Gao and Zhengwei Li and Haifeng Zhang and Zhuangqi Hu},
  title         = {Electro-spark deposition of Fe-based amorphous alloy coatings},
  journal       = {Materials Letters},
  year          = {2007},
  volume        = {61},
  number        = {1},
  pages         = {165--167},
  month         = {jan},
  __markedentry = {[richard:1]},
  doi           = {10.1016/j.matlet.2006.04.042},
  file          = {:liu2007.pdf:PDF},
  groups        = {econom},
  publisher     = {Elsevier {BV}},
}

@Book{tkachuk2006,
  title         = {Основи охорони праці: Підручник. 2-ге видання, доповнене та перероблене.},
  publisher     = {Основа},
  year          = {2006},
  author        = {Ткачук, К. Н. and Халімовський, М. О. and Запарний, В. В. and Зеркалов, Д. В. and Сабарно, Р. В. and Полукаров, О. І. and Коз'яков, В. С. and Мітюк, Л. О.},
  editor        = {Ткачука, К. Н. and Халімовського., М. О.},
  address       = {Київ},
  isbn          = {966-699-156-Х},
  pages         = {448},
  language      = {ukrainian},
  __markedentry = {[richard:1]},
  groups        = {work},
}

@Misc{snip,
  title         = {СНиП 2.09.04-87. Строительные нормы и правила. Административные и бытовые здания.},
  year          = {1987},
  language      = {russian},
  __markedentry = {[richard:1]},
  groups        = {work},
}

@Book{gelibo2001,
  title         = {Безпека життєдіяльності: Навчальний посібник для студентів вищих навчальних закладів освіти України І-ІV рівнів акредитації},
  publisher     = {Каравелла},
  year          = {2001},
  author        = {Желібо, Є. П. and Заверуха, Н. М. and Зацарний, В. В.},
  address       = {Київ},
  pages         = {320},
  __markedentry = {[richard:1]},
  groups        = {work},
}

@Misc{dns_noise,
  title         = {ДСН 3.3.6.037-99. Санітарні норми виробничого шуму, ультразвуку та інфразвуку.},
  year          = {1999},
  language      = {ukrainian},
  __markedentry = {[richard:1]},
  groups        = {work},
}

@Misc{dsanpin98,
  title         = {Гігієнічні вимоги до відео-дисплейних терміналів, ПЕОМ і організації роботи: ДСанПіН~3.3.2-007-98},
  howpublished  = {Міністерство охорони здоров’я (МОЗ)},
  year          = {1998},
  language      = {ukrainian},
  __markedentry = {[richard:1]},
  groups        = {work},
}

@Misc{gost_electro,
  title         = {ДСТУ ГОСТ~12.1.009-76. Система стандартов безопасности труда. Электробезопасность},
  year          = {1976},
  language      = {russian},
  __markedentry = {[richard:1]},
  groups        = {work},
}

@Phdthesis{lobachova2012,
  author   = {Лобачова, Г.Г.},
  title    = {Поверхневе зміцнення сплавів заліза електроіскровим легуванням цирконієм, титаном, хромом та хіміко-термічною обробкою},
  school   = {НТУУ <<КПІ>>},
  year     = {2012},
  address  = {Київ},
  pages    = {200},
  language = {ukrainian},
}

@Book{horelik1994,
  title     = {Рентгенографический и электронно-оптический анализ},
  publisher = {МИСИС},
  year      = {1994},
  author    = {Горелик, С.С. and Скаков, Ю.А. and Расторгуев, Л.Н.},
  editor    = {Моловкова, В.П.},
  series    = {Учеб. пособие для вузов.},
  address   = {Москва},
  edition   = {3-е изд. доп. и перераб.},
  pages     = {328},
  language  = {russian},
  file      = {:horelik1994.djvu:Djvu},
}

@Book{rusakov1977,
  title     = {Рентгенография металлов},
  publisher = {Атомиздат},
  year      = {1977},
  author    = {Русаков, А.А.},
  editor    = {Носова, Н.А.},
  address   = {Москва},
  pages     = {483},
  language  = {russian},
  file      = {:rusakov1977.djvu:Djvu},
}

@Misc{web:resistivity,
  title         = {Resistivity and Temperature Coefficient at 20\celsius},
  note          = {Режим доступу: \href{http://hyperphysics.phy-astr.gsu.edu/hbase/Tables/rstiv.html}{hyperphysics.phy-astr.gsu.edu/hbase/Tables/rstiv.html}. --- Дата доступу: 14.06.2017},
  __markedentry = {[richard:1]},
  groups        = {result},
}

@Misc{law_aboutwork1992,
  title         = {Про охорону праці: Закон України вiд 14.10.1992 №~2694-XII},
  howpublished  = {Парлам. вид-во},
  year          = {1992},
  __markedentry = {[richard:1]},
  groups        = {work},
}

@Misc{gost:org_work_room,
  title         = {ДСТУ ГОСТ 12.2.032-78. Система стандартів безпеки праці. Робоче місце при виконанні робіт сидячи. Загальні ергономічні вимоги.},
  howpublished  = {Київ},
  year          = {1978},
  language      = {ukrainian},
  __markedentry = {[richard:1]},
  groups        = {work},
}

@Misc{dsn:microclimate,
  title         = {ДСН 3.3.6.042-99. Санітарні норми мікроклімату виробничих приміщень.},
  howpublished  = {Міністерство охорони здоров’я (МОЗ)},
  year          = {1999},
  language      = {ukrainian},
  __markedentry = {[richard:1]},
  groups        = {work},
}

@Misc{dsn:comp_machine,
  title         = {НПАОП 0.00-1.28-10. Правил охорони праці під час експлуатації електронно-обчислювальних машин},
  howpublished  = {Державний комітет України з промислової безпеки, охорони праці та гірничого нагляду},
  year          = {2010},
  language      = {ukrainian},
  __markedentry = {[richard:1]},
  groups        = {work},
}

@Misc{pue2009,
  title         = {ПУЕ:2009 Правила улаштування електроустановок},
  howpublished  = {Форт},
  year          = {2009},
  language      = {ukrainian},
  __markedentry = {[richard:1]},
  groups        = {work},
}

@Misc{dstu:fire_safe2009,
  title         = {ДСТУ 7097:2009. Безпека у надзвичайних ситуаціях. Джерела техногенних надзвичайних ситуацій. Класифікація й номенклатура параметрів уражальних чинників},
  howpublished  = {Всеукраїнський науково-дослідний інститут цивільного захисту населення і територій від надзвичайних ситуацій техногенного та природного характеру (ВНДІ ЦЗ)},
  year          = {2009},
  language      = {ukrainian},
  __markedentry = {[richard:1]},
  groups        = {work},
}

@Comment{jabref-meta: databaseType:bibtex;}

@Comment{jabref-meta: groupstree:
0 AllEntriesGroup:;
1 ExplicitGroup:literature\;0\;;
1 ExplicitGroup:methode\;0\;;
1 ExplicitGroup:econom\;0\;;
1 ExplicitGroup:work\;0\;;
1 ExplicitGroup:result\;0\;;
}
